<record><leader>00000cas a2200000   4500</leader><controlfield tag="001">3698139</controlfield><controlfield tag="008">780308d19uu1986cauwn ne      0   a0eng c</controlfield><datafield ind1=" " ind2=" " tag="010"><subfield code="a">sn 79000450 </subfield></datafield><datafield ind1=" " ind2=" " tag="040"><subfield code="a">CLU</subfield><subfield code="b">eng</subfield><subfield code="c">CLU</subfield><subfield code="d">NSD</subfield><subfield code="d">NST</subfield><subfield code="d">NSD</subfield><subfield code="d">OCL</subfield><subfield code="d">CLU</subfield><subfield code="d">CNK</subfield><subfield code="d">OCLCQ</subfield><subfield code="d">OCLCF</subfield><subfield code="d">OCLCO</subfield><subfield code="d">OCL</subfield></datafield><datafield ind1=" " ind2=" " tag="012"><subfield code="i">8512</subfield><subfield code="m">d</subfield></datafield><datafield ind1="0" ind2=" " tag="022"><subfield code="a">0194-4983</subfield><subfield code="l">0194-4983</subfield><subfield code="2">1</subfield></datafield><datafield ind1="1" ind2=" " tag="029"><subfield code="a">AU@</subfield><subfield code="b">000020079495</subfield></datafield><datafield ind1=" " ind2=" " tag="042"><subfield code="a">nsdp</subfield><subfield code="a">pcc</subfield></datafield><datafield ind1=" " ind2=" " tag="043"><subfield code="a">n-us-ca</subfield></datafield><datafield ind1="1" ind2="4" tag="050"><subfield code="a">AP92</subfield><subfield code="b">.L897</subfield></datafield><datafield ind1=" " ind2="0" tag="222"><subfield code="a">Los Angeles Jewish community bulletin</subfield></datafield><datafield ind1="0" ind2="0" tag="245"><subfield code="a">Los Angeles Jewish community bulletin.</subfield></datafield><datafield ind1="1" ind2="7" tag="246"><subfield code="a">Jewish community bulletin</subfield></datafield><datafield ind1=" " ind2=" " tag="260"><subfield code="a">Los Angeles,</subfield><subfield code="b">Jewish Federation Council of Greater Los Angeles.</subfield></datafield><datafield ind1=" " ind2=" " tag="300"><subfield code="a">v. :</subfield><subfield code="b">ill.</subfield><subfield code="c">45 cm.</subfield></datafield><datafield ind1=" " ind2=" " tag="310"><subfield code="a">Weekly (except 2 issues combined in July and 2 in Aug.),</subfield><subfield code="b">&lt;Mar. 30, 1984-&gt;</subfield></datafield><datafield ind1=" " ind2=" " tag="321"><subfield code="a">Semimonthly,</subfield><subfield code="b">&lt;Jan. 1, 1979-&gt;</subfield></datafield><datafield ind1=" " ind2=" " tag="321"><subfield code="a">Biweekly (except two issues combined in July and Aug.),</subfield><subfield code="b">&lt;July 2, 1979-&gt;</subfield></datafield><datafield ind1="0" ind2=" " tag="362"><subfield code="a">-v. 28, no. 5 (Jan. 30, 1986).</subfield></datafield><datafield ind1=" " ind2=" " tag="550"><subfield code="a">Official publication of the Jewish Federation Council of Greater Los Angeles.</subfield></datafield><datafield ind1=" " ind2=" " tag="588"><subfield code="a">Description based on: Vol. 24, no. 1 (Jan. 4, 1982).</subfield></datafield><datafield ind1=" " ind2="0" tag="650"><subfield code="a">Jewish newspapers</subfield><subfield code="z">California</subfield><subfield code="z">Los Angeles.</subfield></datafield><datafield ind1=" " ind2="7" tag="650"><subfield code="a">Jewish newspapers.</subfield><subfield code="2">fast</subfield><subfield code="0">(OCoLC)fst00982872</subfield></datafield><datafield ind1=" " ind2="7" tag="651"><subfield code="a">California</subfield><subfield code="z">Los Angeles.</subfield><subfield code="2">fast</subfield><subfield code="0">(OCoLC)fst01204540</subfield></datafield><datafield ind1="2" ind2=" " tag="710"><subfield code="a">Jewish Federation Council of Greater Los Angeles.</subfield></datafield><datafield ind1=" " ind2=" " tag="752"><subfield code="a">United States</subfield><subfield code="b">California</subfield><subfield code="c">Los Angeles</subfield><subfield code="d">Los Angeles.</subfield></datafield><datafield ind1="0" ind2="0" tag="785"><subfield code="t">Jewish journal of greater Los Angeles</subfield><subfield code="x">0888-0468</subfield><subfield code="w">(DLC)sn 79000450</subfield><subfield code="w">(OCoLC)13450863</subfield></datafield><datafield ind1=" " ind2=" " tag="850"><subfield code="a">CLU</subfield><subfield code="a">NN</subfield></datafield><datafield ind1=" " ind2=" " tag="936"><subfield code="a">Mar. 30, 1984</subfield><subfield code="a">Feb. 13, 1986 LIC</subfield></datafield></record>